<?xml version="1.0" encoding="UTF-8"?><collection xmlns="http://www.loc.gov/MARC21/slim"><record><leader>00364nam--2200133-i-4500</leader><controlfield tag="001">000041432</controlfield><controlfield tag="002">20161230</controlfield><controlfield tag="005">20161230201043</controlfield><controlfield tag="008">060222s1000------------r-----000-0-eng-d</controlfield><datafield ind1=" " ind2=" " tag="100"><subfield code="a">Shedd,Paul C</subfield></datafield><datafield ind1=" " ind2=" " tag="245"><subfield code="a">Fundamental of electromagnetic wavws</subfield></datafield><datafield ind1=" " ind2=" " tag="260"><subfield code="a">New York, Prentice Hall, 1954. Xii + 191 P. + Fig</subfield></datafield><datafield ind1=" " ind2=" " tag="490"><subfield code="a">Prentice Hall, El Eng.Series</subfield></datafield><datafield ind1=" " ind2=" " tag="852"><subfield code="a">12100</subfield></datafield></record></collection>